<collection xmlns="http://www.loc.gov/MARC21/slim"><record><leader>00878nam  2200277   450</leader><controlfield tag="001">166</controlfield><controlfield tag="003">http://montalegre.opacnet.com/OPAC/default.aspx?ContentAreaControl=ShowRegHoldings.ascx&amp;RegNo=16662</controlfield><controlfield tag="005">20</controlfield><datafield tag="021" ind1=" " ind2=" "><subfield code="a">PT</subfield><subfield code="b">18721/87</subfield></datafield><datafield tag="100" ind1=" " ind2=" "><subfield code="a">19880118d1987    m  y0pory0103    ba</subfield></datafield><datafield tag="101" ind1="1" ind2=" "><subfield code="a">por</subfield><subfield code="a">fre</subfield><subfield code="c">fre</subfield></datafield><datafield tag="102" ind1=" " ind2=" "><subfield code="a">PT</subfield></datafield><datafield tag="200" ind1="1" ind2=" "><subfield code="a">&lt;A &gt;canção de Rolando</subfield><subfield code="f">Trad.: Emílio Campos Lima</subfield></datafield><datafield tag="210" ind1=" " ind2=" "><subfield code="a">Mem Martins</subfield><subfield code="c">Europa-América</subfield><subfield code="d">D.L. 1987</subfield></datafield><datafield tag="215" ind1=" " ind2=" "><subfield code="a">204, [1] p.</subfield><subfield code="d">21 cm</subfield></datafield><datafield tag="225" ind1="2" ind2=" "><subfield code="a">Clássicos</subfield><subfield code="v">2</subfield></datafield><datafield tag="304" ind1=" " ind2=" "><subfield code="a">Tít. ori.: La chanson de Roland</subfield></datafield><datafield tag="305" ind1=" " ind2=" "><subfield code="a">Edição bilíngue em português e francês</subfield></datafield><datafield tag="606" ind1="1" ind2=" "><subfield code="a">Literatura francesa</subfield></datafield><datafield tag="608" ind1=" " ind2=" "><subfield code="a">Poesia</subfield></datafield><datafield tag="675" ind1=" " ind2=" "><subfield code="a">821</subfield></datafield><datafield tag="675" ind1=" " ind2=" "><subfield code="a">82-1</subfield></datafield><datafield tag="702" ind1=" " ind2="1"><subfield code="a">Lima</subfield><subfield code="b">Emílio Campos</subfield><subfield code="4">730</subfield></datafield><datafield tag="801" ind1=" " ind2="0"><subfield code="a">PT</subfield><subfield code="b">Biblioteca Municipal de Montalegre</subfield><subfield code="g">RPC</subfield></datafield><datafield tag="856" ind1=" " ind2=" "><subfield code="u">locatemedia.aspx?cod=20090522153034&amp;ext=jpg</subfield><subfield code="z">CAPA</subfield></datafield><datafield tag="909" ind1="&#9;" ind2=" "><subfield code="a">2</subfield></datafield><datafield tag="966" ind1=" " ind2=" "><subfield code="a">0008868</subfield><subfield code="l">BMM</subfield><subfield code="s">SCG 821 LIM can 2</subfield></datafield><datafield tag="966" ind1=" " ind2=" "><subfield code="a">0011556</subfield><subfield code="l">BMM</subfield><subfield code="s">SCG 82-1 LIM can 2</subfield></datafield></record></collection>